@article{li2020dramsim3,
  title={DRAMsim3: a Cycle-accurate, Thermal-Capable DRAM Simulator},
  author={Li, Shang and Yang, Zhiyuan and Reddy, Dhriaj and Srivastava, Ankur and Jacob, Bruce},
  journal={IEEE Computer Architecture Letters},
  year={2020},
  publisher={IEEE}
}

@article{binkert2011gem5,
  title={The gem5 simulator},
  author={Binkert, Nathan and Beckmann, Bradford and Black, Gabriel and Reinhardt, Steven K and Saidi, Ali and Basu, Arkaprava and Hestness, Joel and Hower, Derek R and Krishna, Tushar and Sardashti, Somayeh and others},
  journal={ACM SIGARCH computer architecture news},
  volume={39},
  number={2},
  pages={1--7},
  year={2011},
  publisher={ACM New York, NY, USA}
}
